@article{DunsonPark2008,
  author = {D. B. Dunson and J. Park},
  title = {Kernel stick-breaking processes},
  journal = {Biometrika},
  volume = {95},
  number = {2},
  pages = {307--323},
  year = {2008}
}
@inproceedings{Daume2007,
  author = {H. {Daum\'e III}},
  title = {Fast Search for Dirichlet Process Mixture Models},
  booktitle = {Conference on Artificial Intelligence and Statistics},
  year = {2007}
}
@article{RodriguezDunsonGelfand2009,
author = {Rodr\'iguez, A. and Dunson, D. B. and Gelfand, A. E.},
title = {Bayesian nonparametric functional data analysis through density estimation},
journal = {Biometrika},
volume = {96},
pages = {149--162},
year = {2009}
}
@article{DunsonXueCarin2008,
  author = {D. B. Dunson and Y. Xue and L. Carin},
  title = {The matrix stick-breaking process: Flexible Bayes Meta-Analysis},
  journal = {Journal of the American Statistical Association},
  volume = {103},
  number = {481},
  pages = {317--327},
  year = {2008}
}
@article{BleiJordan2006,
author = {Blei, D. and Jordan, M.},
title = {Variational Inference for Dirichlet Process Mixtures},
journal = {Bayesian Analysis},
volume = {1},
number = {1},
pages = {121--144},
year = {2006}
}
@article{EscobarWest1995,
filename = {EscobarWest1995.pdf},
notepage = {5},
dateread = {012109},
author = {Escobar, M. D. and West, M.},
title = {Bayesian Density Estimation and Inference Using Mixtures},
journal = {Journal of the American Statistical Association},
volume = {90},
number = {430},
pages = {577--588},
year = {1995}
}

@Article{ Antoniak1974,
  author = {C. E. Antoniak},
  title = {Mixtures of Dirichlet Processes with Applications to Bayesian Nonparametric Problems},
  journal = {The Annals of Statistics},
  volume = {2},
  pages = {1152--1174},
  year = {1974}
}
@article{LunnSpiegelhalterThomasBest2009,
    author = {D. Lunn and D. Spiegelhalter and A. Thomas and N. Best},
    title = {The BUGS project: Evolution, critique and future directions (with discussion)},
    journal = {Statistics in Medicine},
    volume = {28},
    pages = {3049--3082},
    year = {2009}
}
@article{ Wallace1983,
    author = {D. L. Wallace},
    title = {Comment: A Method for Comparing Two Hierarchical Clusterings},
    journal = {Journal of the American Statistical Association},
    volume = {78},
    pages = {569--576},
    year = {1983}
}

@article{ FowlkesMallows1983,
    author = {E. B. Fowlkes and C. L. Mallows},
    title = {A Method for Comparing Two Hierarchical Clusterings},
    journal = {Journal of the Americal Statistical Association},
    volume = {78},
    pages = {553--569},
    year = {1983}
}

@Article{ Rota1964,
  author = {G. Rota},
  title = {The Number of Partitions of a Set},
  journal = {The American Mathematical Monthly},
  volume = {71},
  pages = {498--504},
  year = {1964}
}
@Article{ Bell1934,
  author = {E. T. Bell},
  title = {Exponential Numbers},
  journal = {The American Mathematical Monthly},
  volume = {41},
  pages = {411--419},
  year = {1934}
}
@article{WangDunson2010,
    author = {L. Wang and D. B. Dunson},
    title = {Fast Bayesian Inference in Dirichlet Process Mixture Models},
    journal = {Journal of Computational and Graphical Statistics},
    year = {2010},
    volume = {In Press}
}

@article{Rand1971,
    author = {W. M. Rand},
    title = {Objective Criteria for the Evaluation of Clustering Methods},
    journal = {Journal of the American Statistical Association},
    volume = {66},
    pages = {846--850},
    year =  {1971}
}

@article{JainNeal2004,
    author = {Jain, S. and Neal, R. M.},
    title = {A Split-Merge Markov Chain Monte Carlo Procedure for the Dirichlet Process Mixture Model},
    journal = {Journal of Computational and Graphical Statistics},
    volume = {13},
    number = {1},
    pages = {158--182},
    year = {2004}
}

@article{JainNeal2007,
    author = {Jain, S. and Neal, R. M.},
    title = {Splitting and Merging Components of a Nonconjugate Dirichlet Process Mixture Model},
    journal = {Bayesian Analysis},
    volume = {2},
    number = {3},
    pages = {445-472},
    year = {2007}
}

@article{GreenRichardson2001,
    author = {Green, P. J. and Richardson, S.},
    title = {Modelling Heterogeneity With and Without the Dirichlet Process},
    journal = {Scandinavian Journal of Statistics},
    volume = {28},
    pages = {355-375},
    year = {2001}
}

@article{MacEachern1994,
    author = {MacEachern, S. N.},
    title = {Estimating Normal Means with a Conjugate Style Dirichlet Process Prior},
    journal = {Communications in Statistics B},
    volume = {23},
    pages = {727-741},
    year = {1994}
}

@article{BushMacEachern1996,
    author = {Bush, C. A. and MacEachern, S. N.},
    title = {A Semiparametric Bayesian Model for Randomised Block Designs},
    journal = {Biometrika},
    volume = {83},
    pages = {275--285},
    year = {1996}
}

@article{MacEachernMuller1998,
    author = {MacEachern, S. N. and M\"uller, P.},
    title = {Estimating Mixture of Dirichlet Process Models},
    journal = {Journal of Computational and Graphical Statistics},
    volume = {7},
    pages = {223--238},
    year = {1998}
}

@Manual{R2011,
    title = {R: A Language and Environment for Statistical Computing},
    author = {{R Development Core Team}},
    organization = {R Foundation for Statistical Computing},
    address = {Vienna, Austria},
    year = {2011},
    note = {{ISBN} 3-900051-07-0},
    url = {http://www.R-project.org},
}

@article{Hartigan1990,
    author = {Hartigan, J. A.},
    year = {1990},
    title = {Partition Models},
    journal = {Communications in Statistics, Theory and Methods},
    volume = {19},
    pages = {2745--2756}
}

@article{BarryHartigan1992,
    author = {Barry, D. and Hartigan, J. A.},
    year = {1992},
    title = {Product Partition Models for Change Point Problems},
    journal = {Annals of Statistics},
    volume = {20},
    pages = {260--279}
}

@article{LauGreen2007,
    author = {Lau, J. W. and Green, P. J.},
    year = {2007},
    title = {Bayesian Model Based Clustering Procedures},
    journal = {Journal of Computational and Graphical Statistics},
    volume = {16},
    pages = {526--558}
}

@article{Heard2005,
    author = { N. A. Heard and C. C. Holmes and D. A. Stephens},
    title = {A Quantitative Study of Gene Regulation Involved in the Immune Response of Anopheline Mosquitoes: An Application of Bayesian Hierarchical Clustering of Curves},
    journal = {Journal of the American Statistical Association},
    volume = {101},
    number = {473},
    pages = {18--28},
    year = {2006}
}

@Article{Ward1963,
    author = {J. H. Ward},
    title = {Heirarchical Grouping to Optimize an Objective Function},
    journal = { Journal of the American Statistical Association}, 
    volume = {58},
    number = {301},
    pages = {236-244},
    year = {1963}
}

